
    <zs:record>
      <zs:recordSchema/>
      <zs:recordPacking>xml</zs:recordPacking>
      <zs:recordData>
        <record xmlns="http://www.loc.gov/MARC21/slim">
          <leader>05593cgm a2201093 a 4500</leader>
          <controlfield tag="001">17397989</controlfield>
          <controlfield tag="005">20190327143643.0</controlfield>
          <controlfield tag="007">mr bf  dnnarannac------</controlfield>
          <controlfield tag="007">kh bo </controlfield>
          <controlfield tag="007">mr bf  fnnaranna|------</controlfield>
          <controlfield tag="007">mr bf  dnnbdanna|------</controlfield>
          <controlfield tag="007">mr bf  fnnbdanna|------</controlfield>
          <controlfield tag="007">mr bf  dnnaeanna|------</controlfield>
          <controlfield tag="008">120723s1909    xxu011            mleng  </controlfield>
          <datafield tag="906" ind1=" " ind2=" ">
            <subfield code="a">7</subfield>
            <subfield code="b">cbc</subfield>
            <subfield code="c">orignew</subfield>
            <subfield code="d">u</subfield>
            <subfield code="e">ncip</subfield>
            <subfield code="f">20</subfield>
            <subfield code="g">y-movingim</subfield>
          </datafield>
          <datafield tag="955" ind1=" " ind2=" ">
            <subfield code="i">qm22 2012-07-25</subfield>
            <subfield code="a">qm22 2014-07-31</subfield>
            <subfield code="a">qm22 2017-10-18</subfield>
            <subfield code="a">qm08 2017-10-25</subfield>
          </datafield>
          <datafield tag="010" ind1=" " ind2=" ">
            <subfield code="a">  2012600307</subfield>
          </datafield>
          <datafield tag="017" ind1=" " ind2=" ">
            <subfield code="a">J135969</subfield>
            <subfield code="b">U.S. Copyright Office</subfield>
          </datafield>
          <datafield tag="033" ind1="2" ind2="0">
            <subfield code="a">19091103</subfield>
            <subfield code="a">19091113</subfield>
            <subfield code="b">3804</subfield>
            <subfield code="c">N4</subfield>
          </datafield>
          <datafield tag="040" ind1=" " ind2=" ">
            <subfield code="a">DLC</subfield>
            <subfield code="e">amim</subfield>
            <subfield code="c">DLC</subfield>
            <subfield code="d">DLC</subfield>
          </datafield>
          <datafield tag="043" ind1=" " ind2=" ">
            <subfield code="a">n-us---</subfield>
          </datafield>
          <datafield tag="050" ind1="0" ind2="0">
            <subfield code="a">FLA 5311 (viewing print)</subfield>
          </datafield>
          <datafield tag="050" ind1="0" ind2="0">
            <subfield code="a">FEC 2711 (viewing print)</subfield>
          </datafield>
          <datafield tag="050" ind1="0" ind2="0">
            <subfield code="a">FRA 2233 (dupe neg pic)</subfield>
          </datafield>
          <datafield tag="050" ind1="0" ind2="0">
            <subfield code="a">FPE 8838 (dupe neg pic)</subfield>
          </datafield>
          <datafield tag="050" ind1="0" ind2="0">
            <subfield code="a">FRB 1359 (master pos pic)</subfield>
          </datafield>
          <datafield tag="050" ind1="0" ind2="0">
            <subfield code="a">Box 0917C, Box 0918A, Box 0919A (paper pos)</subfield>
          </datafield>
          <datafield tag="130" ind1="0" ind2=" ">
            <subfield code="a">Corner in wheat (Motion picture)</subfield>
          </datafield>
          <datafield tag="245" ind1="1" ind2="2">
            <subfield code="a">A corner in wheat /</subfield>
            <subfield code="c">Biograph ; directed by D.W. Griffith ; written by D.W. Griffith and Frank E. Woods.</subfield>
          </datafield>
          <datafield tag="257" ind1=" " ind2=" ">
            <subfield code="a">United States.</subfield>
          </datafield>
          <datafield tag="260" ind1=" " ind2=" ">
            <subfield code="a">United States :</subfield>
            <subfield code="b">Biograph,</subfield>
            <subfield code="c">1909.</subfield>
          </datafield>
          <datafield tag="300" ind1=" " ind2=" ">
            <subfield code="3">viewing print</subfield>
            <subfield code="a">1 film reel of 1 (396 ft.) :</subfield>
            <subfield code="b">si., b&amp;w ;</subfield>
            <subfield code="c">16 mm.</subfield>
          </datafield>
          <datafield tag="300" ind1=" " ind2=" ">
            <subfield code="3">viewing print</subfield>
            <subfield code="a">1 film reel of 1 (ca. 975 ft.) :</subfield>
            <subfield code="b">si., b&amp;w ;</subfield>
            <subfield code="c">35 mm.</subfield>
          </datafield>
          <datafield tag="300" ind1=" " ind2=" ">
            <subfield code="3">dupe neg pic</subfield>
            <subfield code="a">1 film reel of 1 (396 ft.) :</subfield>
            <subfield code="b">si., b&amp;w ;</subfield>
            <subfield code="c">16 mm.</subfield>
          </datafield>
          <datafield tag="300" ind1=" " ind2=" ">
            <subfield code="3">dupe neg pic</subfield>
            <subfield code="a">1 film reel of 1 (ca. 1,075 ft.) :</subfield>
            <subfield code="b">si., b&amp;w ;</subfield>
            <subfield code="c">35 mm.</subfield>
          </datafield>
          <datafield tag="300" ind1=" " ind2=" ">
            <subfield code="3">master pos pic</subfield>
            <subfield code="a">1 film reel of 1 (ca. 400 ft.) :</subfield>
            <subfield code="b">si., b&amp;w ;</subfield>
            <subfield code="c">35 mm.</subfield>
          </datafield>
          <datafield tag="300" ind1=" " ind2=" ">
            <subfield code="3">paper pos</subfield>
            <subfield code="a">3 rolls (ca. 1,000 ft.) :</subfield>
            <subfield code="b">b&amp;w ;</subfield>
            <subfield code="c">35 mm.</subfield>
          </datafield>
          <datafield tag="500" ind1=" " ind2=" ">
            <subfield code="a">Copyright: Biograph Co.; 15Dec1909; J135969.</subfield>
          </datafield>
          <datafield tag="508" ind1=" " ind2=" ">
            <subfield code="a">Camera, G. W. Bitzer.</subfield>
          </datafield>
          <datafield tag="511" ind1="1" ind2=" ">
            <subfield code="a">Frank Powell, Grace Henderson, James Kirkwood, Linda Arvidson, W. Chrystie Miller, Gladys Egan, Henry B. Walthall, Kate Bruce, William J. Butler, Charles Craig, Edward Dillon, Frank Evans, Edith Haldeman, Robert Harron, Ruth Hart, Arthur V. Johnson, Jeanie Macpherson, Charles Hill Mailes, Owen Moore, George Nichols, Anthony O'Sullivan, Billy Quirk, Gertrude Robinson,  Mack Sennett, Blanche Sweet, Dorothy West.</subfield>
          </datafield>
          <datafield tag="520" ind1=" " ind2=" ">
            <subfield code="a">A greedy tycoon decides, on a whim, to corner the world market in wheat. This doubles the price of bread, forcing the grain's producers into charity lines and further into poverty. Shows the differences between the lives of those who work to grow the wheat and the life of the man who dabbles in its sale for profit.</subfield>
          </datafield>
          <datafield tag="500" ind1=" " ind2=" ">
            <subfield code="a">Summary from the Internet movie database.</subfield>
          </datafield>
          <datafield tag="500" ind1=" " ind2=" ">
            <subfield code="a">Biograph production no. 3646.</subfield>
          </datafield>
          <datafield tag="500" ind1=" " ind2=" ">
            <subfield code="a">Based on the novel, The pit, by Frank Norris.</subfield>
          </datafield>
          <datafield tag="500" ind1=" " ind2=" ">
            <subfield code="a">Paper print shelf number (LC 2331) was changed when the paper prints were re-housed.</subfield>
            <subfield code="5">DLC</subfield>
          </datafield>
          <datafield tag="500" ind1=" " ind2=" ">
            <subfield code="a">Additional holdings for this title may be available. Contact reference librarian.</subfield>
            <subfield code="5">DLC</subfield>
          </datafield>
          <datafield tag="518" ind1=" " ind2=" ">
            <subfield code="a">Photographed Nov. 3-13, 1909 in Jamaica, Long Island, New York.</subfield>
          </datafield>
          <datafield tag="586" ind1=" " ind2=" ">
            <subfield code="a">This film was selected for the National Film Registry.</subfield>
          </datafield>
          <datafield tag="500" ind1=" " ind2=" ">
            <subfield code="a">Sources used: Niver's Early motion pictures; Internet movie database WWW site, viewed July 23, 2012; Moving picture world, v. 5, no. 25, p. 878-879 (Dec. 18, 1909); Biograph bulletins 1908-1912, p. 150.</subfield>
          </datafield>
          <datafield tag="581" ind1=" " ind2=" ">
            <subfield code="a">Early motion pictures : the Paper Print Collection in the Library of Congress / by Kemp R. Niver. Library of  Congress. 1985.</subfield>
          </datafield>
          <datafield tag="650" ind1=" " ind2="0">
            <subfield code="a">Wheat trade</subfield>
            <subfield code="z">United States.</subfield>
          </datafield>
          <datafield tag="650" ind1=" " ind2="0">
            <subfield code="a">Speculation</subfield>
            <subfield code="z">United States</subfield>
            <subfield code="v">Drama.</subfield>
          </datafield>
          <datafield tag="650" ind1=" " ind2="0">
            <subfield code="a">Wheat farmers</subfield>
            <subfield code="z">United States</subfield>
            <subfield code="v">Drama.</subfield>
          </datafield>
          <datafield tag="655" ind1=" " ind2="7">
            <subfield code="a">Social problem films.</subfield>
            <subfield code="2">lcgft</subfield>
          </datafield>
          <datafield tag="655" ind1=" " ind2="7">
            <subfield code="a">Silent films.</subfield>
            <subfield code="2">lcgft</subfield>
          </datafield>
          <datafield tag="655" ind1=" " ind2="7">
            <subfield code="a">Short films.</subfield>
            <subfield code="2">lcgft</subfield>
          </datafield>
          <datafield tag="655" ind1=" " ind2="7">
            <subfield code="a">Fiction films.</subfield>
            <subfield code="2">lcgft</subfield>
          </datafield>
          <datafield tag="700" ind1="1" ind2=" ">
            <subfield code="a">Griffith, D. W.</subfield>
            <subfield code="q">(David Wark),</subfield>
            <subfield code="d">1875-1948,</subfield>
            <subfield code="e">direction,</subfield>
            <subfield code="e">writing.</subfield>
          </datafield>
          <datafield tag="700" ind1="1" ind2=" ">
            <subfield code="a">Woods, Frank E.,</subfield>
            <subfield code="e">writing.</subfield>
          </datafield>
          <datafield tag="700" ind1="1" ind2=" ">
            <subfield code="a">Bitzer, G. W.,</subfield>
            <subfield code="d">1872-1944,</subfield>
            <subfield code="e">camera.</subfield>
          </datafield>
          <datafield tag="700" ind1="1" ind2=" ">
            <subfield code="a">Powell, Frank E.,</subfield>
            <subfield code="d">1877-</subfield>
            <subfield code="e">cast.</subfield>
          </datafield>
          <datafield tag="700" ind1="1" ind2=" ">
            <subfield code="a">Henderson, Grace,</subfield>
            <subfield code="d">1860-1944,</subfield>
            <subfield code="e">cast.</subfield>
          </datafield>
          <datafield tag="700" ind1="1" ind2=" ">
            <subfield code="a">Kirkwood, James,</subfield>
            <subfield code="d">1875-1963,</subfield>
            <subfield code="e">cast.</subfield>
          </datafield>
          <datafield tag="700" ind1="1" ind2=" ">
            <subfield code="a">Arvidson, Linda,</subfield>
            <subfield code="d">1884-1949,</subfield>
            <subfield code="e">cast.</subfield>
          </datafield>
          <datafield tag="700" ind1="1" ind2=" ">
            <subfield code="a">Miller, W. Christy,</subfield>
            <subfield code="d">1843-1922,</subfield>
            <subfield code="e">cast.</subfield>
          </datafield>
          <datafield tag="700" ind1="1" ind2=" ">
            <subfield code="a">Egan, Gladys,</subfield>
            <subfield code="e">cast.</subfield>
          </datafield>
          <datafield tag="700" ind1="1" ind2=" ">
            <subfield code="a">Walthall, Henry B.</subfield>
            <subfield code="q">(Henry Brazeale),</subfield>
            <subfield code="d">1878-1936,</subfield>
            <subfield code="e">cast.</subfield>
          </datafield>
          <datafield tag="700" ind1="1" ind2=" ">
            <subfield code="a">Bruce, Kate,</subfield>
            <subfield code="d">1858-1946,</subfield>
            <subfield code="e">cast.</subfield>
          </datafield>
          <datafield tag="700" ind1="1" ind2=" ">
            <subfield code="a">Butler, William J.,</subfield>
            <subfield code="d">1860-1927,</subfield>
            <subfield code="e">cast.</subfield>
          </datafield>
          <datafield tag="700" ind1="1" ind2=" ">
            <subfield code="a">Craig, Charles B.,</subfield>
            <subfield code="e">cast.</subfield>
          </datafield>
          <datafield tag="700" ind1="1" ind2=" ">
            <subfield code="a">Dillon, Edward,</subfield>
            <subfield code="d">1880-1933,</subfield>
            <subfield code="e">cast.</subfield>
          </datafield>
          <datafield tag="700" ind1="1" ind2=" ">
            <subfield code="a">Evans, Frank</subfield>
            <subfield code="c">(Actor)</subfield>
            <subfield code="e">cast.</subfield>
          </datafield>
          <datafield tag="700" ind1="1" ind2=" ">
            <subfield code="a">Haldeman, Edith,</subfield>
            <subfield code="e">cast.</subfield>
          </datafield>
          <datafield tag="700" ind1="1" ind2=" ">
            <subfield code="a">Harron, Robert,</subfield>
            <subfield code="d">1894-1920,</subfield>
            <subfield code="e">cast.</subfield>
          </datafield>
          <datafield tag="700" ind1="1" ind2=" ">
            <subfield code="a">Hart, Ruth,</subfield>
            <subfield code="d">1886-1952,</subfield>
            <subfield code="e">cast.</subfield>
          </datafield>
          <datafield tag="700" ind1="1" ind2=" ">
            <subfield code="a">Johnson, Arthur V.,</subfield>
            <subfield code="d">1876-1916,</subfield>
            <subfield code="e">cast.</subfield>
          </datafield>
          <datafield tag="700" ind1="1" ind2=" ">
            <subfield code="a">MacPherson, Jeanie,</subfield>
            <subfield code="d">1887-1946,</subfield>
            <subfield code="e">cast.</subfield>
          </datafield>
          <datafield tag="700" ind1="1" ind2=" ">
            <subfield code="a">Mailes, Charles H.</subfield>
            <subfield code="q">(Charles Hill),</subfield>
            <subfield code="d">1870-1937,</subfield>
            <subfield code="e">cast.</subfield>
          </datafield>
          <datafield tag="700" ind1="1" ind2=" ">
            <subfield code="a">Moore, Owen,</subfield>
            <subfield code="d">1886-1939,</subfield>
            <subfield code="e">cast.</subfield>
          </datafield>
          <datafield tag="700" ind1="1" ind2=" ">
            <subfield code="a">Nichols, George,</subfield>
            <subfield code="d">1864-1927,</subfield>
            <subfield code="e">cast.</subfield>
          </datafield>
          <datafield tag="700" ind1="1" ind2=" ">
            <subfield code="a">O'Sullivan, Tony,</subfield>
            <subfield code="d">-1920,</subfield>
            <subfield code="e">cast.</subfield>
          </datafield>
          <datafield tag="700" ind1="1" ind2=" ">
            <subfield code="a">Quirk, Billy,</subfield>
            <subfield code="d">1873-1926,</subfield>
            <subfield code="e">cast.</subfield>
          </datafield>
          <datafield tag="700" ind1="1" ind2=" ">
            <subfield code="a">Robinson, Gertrude,</subfield>
            <subfield code="d">1891-1962,</subfield>
            <subfield code="e">cast.</subfield>
          </datafield>
          <datafield tag="700" ind1="1" ind2=" ">
            <subfield code="a">Sennett, Mack,</subfield>
            <subfield code="d">1880-1960,</subfield>
            <subfield code="e">cast.</subfield>
          </datafield>
          <datafield tag="700" ind1="1" ind2=" ">
            <subfield code="a">Sweet, Blanche,</subfield>
            <subfield code="e">cast.</subfield>
          </datafield>
          <datafield tag="700" ind1="1" ind2=" ">
            <subfield code="a">West, Dorothy,</subfield>
            <subfield code="d">1891-1980,</subfield>
            <subfield code="e">cast.</subfield>
          </datafield>
          <datafield tag="700" ind1="1" ind2=" ">
            <subfield code="a">Norris, Frank,</subfield>
            <subfield code="d">1870-1902.</subfield>
            <subfield code="t">The pit.</subfield>
          </datafield>
          <datafield tag="710" ind1="2" ind2=" ">
            <subfield code="a">Biograph Company.</subfield>
          </datafield>
          <datafield tag="710" ind1="2" ind2=" ">
            <subfield code="a">Paper Print Collection (Library of Congress)</subfield>
            <subfield code="5">DLC</subfield>
          </datafield>
          <datafield tag="710" ind1="0" ind2=" ">
            <subfield code="a">Niver (Kemp) Collection (Library of Congress)</subfield>
            <subfield code="5">DLC</subfield>
          </datafield>
          <datafield tag="786" ind1="1" ind2="8">
            <subfield code="t">Corner in wheat</subfield>
            <subfield code="w">(DLC) 47539</subfield>
            <subfield code="n">MAVIS</subfield>
          </datafield>
          <datafield tag="856" ind1="4" ind2="1">
            <subfield code="d">ntscrm</subfield>
            <subfield code="f">00047539</subfield>
            <subfield code="u">http://hdl.loc.gov/loc.mbrsmi/ntscrm.00047539</subfield>
          </datafield>
          <datafield tag="985" ind1=" " ind2=" ">
            <subfield code="a">mbrs-nfr</subfield>
          </datafield>
          <datafield tag="985" ind1=" " ind2=" ">
            <subfield code="a">nsr</subfield>
          </datafield>
        </record>
      </zs:recordData>
      <zs:recordPosition>3</zs:recordPosition>
    </zs:record>