
    <zs:record>
      <zs:recordSchema/>
      <zs:recordPacking>xml</zs:recordPacking>
      <zs:recordData>
        <record xmlns="http://www.loc.gov/MARC21/slim">
          <leader>00671nam a2200193u  4500</leader>
          <controlfield tag="001">6846378</controlfield>
          <controlfield tag="005">00000000000000.0</controlfield>
          <controlfield tag="008">821119s1918    enk           000 0 eng  </controlfield>
          <datafield tag="035" ind1=" " ind2=" ">
            <subfield code="9">(DLC)   20002024</subfield>
          </datafield>
          <datafield tag="906" ind1=" " ind2=" ">
            <subfield code="a">0</subfield>
            <subfield code="b">cbc</subfield>
            <subfield code="c">premunv</subfield>
            <subfield code="d">u</subfield>
            <subfield code="e">ncip</subfield>
            <subfield code="f">19</subfield>
            <subfield code="g">y-gencatlg</subfield>
          </datafield>
          <datafield tag="010" ind1=" " ind2=" ">
            <subfield code="a">   20002024 </subfield>
          </datafield>
          <datafield tag="040" ind1=" " ind2=" ">
            <subfield code="a">DLC</subfield>
            <subfield code="c">CarP</subfield>
            <subfield code="d">DLC</subfield>
          </datafield>
          <datafield tag="050" ind1="0" ind2="0">
            <subfield code="a">PN687.F4</subfield>
            <subfield code="b">R6</subfield>
          </datafield>
          <datafield tag="245" ind1="0" ind2="4">
            <subfield code="a">The feast of the cricifix,</subfield>
            <subfield code="c">an Augustinian legend, </subfield>
          </datafield>
          <datafield tag="260" ind1=" " ind2=" ">
            <subfield code="a">[Oxford,</subfield>
            <subfield code="b">B. H. Blackwell;</subfield>
            <subfield code="a">New York,</subfield>
            <subfield code="b">Longmans, Green &amp; company,</subfield>
            <subfield code="c">1918]</subfield>
          </datafield>
          <datafield tag="300" ind1=" " ind2=" ">
            <subfield code="a">15 p.</subfield>
            <subfield code="c">15 x 12 cm.</subfield>
          </datafield>
          <datafield tag="700" ind1="1" ind2=" ">
            <subfield code="a">Robinson, Gertrude, [from old catalog]</subfield>
            <subfield code="e">tr.</subfield>
          </datafield>
          <datafield tag="710" ind1=" " ind2="1">
            <subfield code="a">British museum.</subfield>
            <subfield code="b">Mss. (Additional, 15833)</subfield>
          </datafield>
          <datafield tag="991" ind1=" " ind2=" ">
            <subfield code="b">c-GenColl</subfield>
            <subfield code="h">PN687.F4</subfield>
            <subfield code="i">R6</subfield>
            <subfield code="t">Copy 1</subfield>
            <subfield code="w">PREM</subfield>
          </datafield>
        </record>
      </zs:recordData>
      <zs:recordPosition>6</zs:recordPosition>
    </zs:record>