
    <zs:record>
      <zs:recordSchema/>
      <zs:recordPacking>xml</zs:recordPacking>
      <zs:recordData>
        <record xmlns="http://www.loc.gov/MARC21/slim">
          <leader>04823cgm a2200829 a 4500</leader>
          <controlfield tag="001">17670095</controlfield>
          <controlfield tag="005">20180214151454.0</controlfield>
          <controlfield tag="007">mr bf  dnnarannac------</controlfield>
          <controlfield tag="007">kh bo </controlfield>
          <controlfield tag="007">mr bf  dnnbdannac------</controlfield>
          <controlfield tag="008">130322s1909    xxu011            mleng  </controlfield>
          <datafield tag="906" ind1=" " ind2=" ">
            <subfield code="a">7</subfield>
            <subfield code="b">cbc</subfield>
            <subfield code="c">orignew</subfield>
            <subfield code="d">u</subfield>
            <subfield code="e">ncip</subfield>
            <subfield code="f">20</subfield>
            <subfield code="g">y-movingim</subfield>
          </datafield>
          <datafield tag="955" ind1=" " ind2=" ">
            <subfield code="i">qm22 2013-03-22</subfield>
            <subfield code="a">qm22 2013-04-01</subfield>
            <subfield code="a">qm22 2014-07-31</subfield>
            <subfield code="a">qm08 2018-02-14</subfield>
          </datafield>
          <datafield tag="010" ind1=" " ind2=" ">
            <subfield code="a">  2013604952</subfield>
          </datafield>
          <datafield tag="017" ind1=" " ind2=" ">
            <subfield code="a">J134658</subfield>
            <subfield code="b">U.S. Copyright Office</subfield>
          </datafield>
          <datafield tag="033" ind1="1" ind2="0">
            <subfield code="a">19090930</subfield>
            <subfield code="a">19091002</subfield>
            <subfield code="a">19091003</subfield>
            <subfield code="a">19091004</subfield>
            <subfield code="b">3804</subfield>
            <subfield code="c">N4</subfield>
          </datafield>
          <datafield tag="040" ind1=" " ind2=" ">
            <subfield code="a">DLC</subfield>
            <subfield code="c">DLC</subfield>
            <subfield code="e">amim</subfield>
            <subfield code="d">DLC</subfield>
          </datafield>
          <datafield tag="050" ind1="0" ind2="0">
            <subfield code="a">FLA 5529 (viewing print)</subfield>
          </datafield>
          <datafield tag="050" ind1="0" ind2="0">
            <subfield code="a">FRA 2613 (dupe neg pic)</subfield>
          </datafield>
          <datafield tag="050" ind1="0" ind2="0">
            <subfield code="a">Box 0219A (paper pos)</subfield>
          </datafield>
          <datafield tag="245" ind1="0" ind2="4">
            <subfield code="a">The light that came /</subfield>
            <subfield code="c">Biograph ; directed and written by D.W. Griffith.</subfield>
          </datafield>
          <datafield tag="257" ind1=" " ind2=" ">
            <subfield code="a">United States.</subfield>
          </datafield>
          <datafield tag="260" ind1=" " ind2=" ">
            <subfield code="a">United States;</subfield>
            <subfield code="b">Biograph Company,</subfield>
            <subfield code="c">1909.</subfield>
          </datafield>
          <datafield tag="300" ind1=" " ind2=" ">
            <subfield code="3">viewing print</subfield>
            <subfield code="a">1 film reel of 1 (ca. 395 ft.) :</subfield>
            <subfield code="b">si., b&amp;w ;</subfield>
            <subfield code="c">16 mm.</subfield>
          </datafield>
          <datafield tag="300" ind1=" " ind2=" ">
            <subfield code="3">dupe neg pic</subfield>
            <subfield code="a">1 film reel of 1 (ca. 395 ft.) :</subfield>
            <subfield code="b">si., b&amp;w ;</subfield>
            <subfield code="c">16 mm.</subfield>
          </datafield>
          <datafield tag="300" ind1=" " ind2=" ">
            <subfield code="3">paper pos</subfield>
            <subfield code="a">1 roll of 1 (ca. 1,000 ft.) :</subfield>
            <subfield code="b">b&amp;w ;</subfield>
            <subfield code="c">35 mm.</subfield>
          </datafield>
          <datafield tag="500" ind1=" " ind2=" ">
            <subfield code="a">Copyright: Biograph Co.; 13Nov1909; J134658.</subfield>
          </datafield>
          <datafield tag="508" ind1=" " ind2=" ">
            <subfield code="a">Cinematography,  G.W. Bitzer</subfield>
          </datafield>
          <datafield tag="511" ind1="1" ind2=" ">
            <subfield code="a">Ruth Hart, Owen Moore, Mary Pickford, Marion Leonard, Kate Bruce, George O. Nicholls, Arthur Johnson, Tony O'Sullivan, Billy Quirk, Mack Sennett, Francis  J. Grandon, James Kirkwood, Guy Hedlund, Dorothy West, Gertrude Robinson, Frank Powell, Mabel Trunelle, Frank Evans, J. Waltham.</subfield>
          </datafield>
          <datafield tag="500" ind1=" " ind2=" ">
            <subfield code="a">Cast from Early motion pictures, p. 183 and The Griffith project, v. 3, p. 90. Early motion pictures erroneously includes Linda Arvidson and Herbert Yost, and omits Ruth Hart.</subfield>
          </datafield>
          <datafield tag="520" ind1=" " ind2=" ">
            <subfield code="a">Grace, a disfigured young woman with two beautiful sisters, Vivian and Daisy, falls in love with Carl Wagner, a blind violinist, and they become engaged. Though she fears losing his love when he sees the scar on her face, Daisy pays for the surgery that restores Carl's sight. After his vision is restored, Vivian and Daisy both vie for Carl's attention, but to no avail. He still loves Grace.</subfield>
          </datafield>
          <datafield tag="500" ind1=" " ind2=" ">
            <subfield code="a">Summary derived from synopses in Early motion pictures, and in Moving picture world.</subfield>
          </datafield>
          <datafield tag="500" ind1=" " ind2=" ">
            <subfield code="a">According to The Griffith project, v. 3, p. 91, although the Biograph bulletin identifies the heroine as Grace, a letter insert identifies the character as Martha.</subfield>
          </datafield>
          <datafield tag="500" ind1=" " ind2=" ">
            <subfield code="a">Paper print shelf number (LC 2854) was changed when the paper prints were re-housed.</subfield>
            <subfield code="5">DLC</subfield>
          </datafield>
          <datafield tag="500" ind1=" " ind2=" ">
            <subfield code="a">Additional holdings for this title may be available. Contact reference librarian.</subfield>
            <subfield code="5">DLC</subfield>
          </datafield>
          <datafield tag="500" ind1=" " ind2=" ">
            <subfield code="a">Biograph production no. 3635.</subfield>
          </datafield>
          <datafield tag="518" ind1=" " ind2=" ">
            <subfield code="a">Photographed in the Biograph studio, New York City, September 30 and October 2-4, 1909.</subfield>
          </datafield>
          <datafield tag="500" ind1=" " ind2=" ">
            <subfield code="a">Not viewed.</subfield>
          </datafield>
          <datafield tag="500" ind1=" " ind2=" ">
            <subfield code="a">Sources used: Niver, K. Early motion pictures : the Paper Print Collection in the Library of Congress, p. 183; Internet movie database, March 22, 2013; AFI catalog online, viewed March 22, 2013; Moving picture world, v. 5, no. 1 (July 3, 1909) p. 691, 696 and 757; Silent era WWW site, viewed March 22, 2013; The Griffith project, v. 3, p. 90-92; Biograph bulletins 1908-1912, p. 141.</subfield>
          </datafield>
          <datafield tag="581" ind1=" " ind2=" ">
            <subfield code="a">Early motion pictures : the Paper Print Collection in the Library of Congress / by Kemp R. Niver. Library of  Congress. 1985.</subfield>
          </datafield>
          <datafield tag="650" ind1=" " ind2="0">
            <subfield code="a">Feminine beauty (Aesthetics)</subfield>
            <subfield code="v">Drama.</subfield>
          </datafield>
          <datafield tag="650" ind1=" " ind2="0">
            <subfield code="a">Generosity</subfield>
            <subfield code="v">Drama.</subfield>
          </datafield>
          <datafield tag="650" ind1=" " ind2="0">
            <subfield code="a">Sisters</subfield>
            <subfield code="v">Drama.</subfield>
          </datafield>
          <datafield tag="650" ind1=" " ind2="0">
            <subfield code="a">Blindness</subfield>
            <subfield code="v">Drama.</subfield>
          </datafield>
          <datafield tag="655" ind1=" " ind2="7">
            <subfield code="a">Melodramas (Motion pictures)</subfield>
            <subfield code="2">lcgft</subfield>
          </datafield>
          <datafield tag="655" ind1=" " ind2="7">
            <subfield code="a">Romance films.</subfield>
            <subfield code="2">lcgft</subfield>
          </datafield>
          <datafield tag="655" ind1=" " ind2="7">
            <subfield code="a">Silent films.</subfield>
            <subfield code="2">lcgft</subfield>
          </datafield>
          <datafield tag="655" ind1=" " ind2="7">
            <subfield code="a">Short films.</subfield>
            <subfield code="2">lcgft</subfield>
          </datafield>
          <datafield tag="655" ind1=" " ind2="7">
            <subfield code="a">Fiction films.</subfield>
            <subfield code="2">lcgft</subfield>
          </datafield>
          <datafield tag="700" ind1="1" ind2=" ">
            <subfield code="a">Griffith, D. W.</subfield>
            <subfield code="q">(David Wark),</subfield>
            <subfield code="d">1875-1948,</subfield>
            <subfield code="e">direction,</subfield>
            <subfield code="e">writing.</subfield>
          </datafield>
          <datafield tag="700" ind1="1" ind2=" ">
            <subfield code="a">Bitzer, G. W.,</subfield>
            <subfield code="d">1872-1944</subfield>
          </datafield>
          <datafield tag="700" ind1="1" ind2=" ">
            <subfield code="a">Hart, Ruth,</subfield>
            <subfield code="d">1886-1952,</subfield>
            <subfield code="e">cast.</subfield>
          </datafield>
          <datafield tag="700" ind1="1" ind2=" ">
            <subfield code="a">Moore, Owen,</subfield>
            <subfield code="d">1886-1939,</subfield>
            <subfield code="e">cast.</subfield>
          </datafield>
          <datafield tag="700" ind1="1" ind2=" ">
            <subfield code="a">Pickford, Mary,</subfield>
            <subfield code="d">1892-1979,</subfield>
            <subfield code="e">cast.</subfield>
          </datafield>
          <datafield tag="700" ind1="1" ind2=" ">
            <subfield code="a">Leonard, Marion,</subfield>
            <subfield code="d">1881-1956,</subfield>
            <subfield code="e">cast.</subfield>
          </datafield>
          <datafield tag="700" ind1="1" ind2=" ">
            <subfield code="a">Bruce, Kate,</subfield>
            <subfield code="d">1858-1946,</subfield>
            <subfield code="e">cast.</subfield>
          </datafield>
          <datafield tag="700" ind1="1" ind2=" ">
            <subfield code="a">Nichols, George,</subfield>
            <subfield code="d">1864-1927,</subfield>
            <subfield code="e">cast.</subfield>
          </datafield>
          <datafield tag="700" ind1="1" ind2=" ">
            <subfield code="a">Sennett, Mack,</subfield>
            <subfield code="d">1880-1960,</subfield>
            <subfield code="e">cast.</subfield>
          </datafield>
          <datafield tag="700" ind1="1" ind2=" ">
            <subfield code="a">O'Sullivan, Tony,</subfield>
            <subfield code="d">-1920,</subfield>
            <subfield code="e">cast.</subfield>
          </datafield>
          <datafield tag="700" ind1="1" ind2=" ">
            <subfield code="a">Quirk, Billy,</subfield>
            <subfield code="d">1873-1926,</subfield>
            <subfield code="e">cast.</subfield>
          </datafield>
          <datafield tag="700" ind1="1" ind2=" ">
            <subfield code="a">Grandon, Francis J.,</subfield>
            <subfield code="d">1879-1929,</subfield>
            <subfield code="e">cast.</subfield>
          </datafield>
          <datafield tag="700" ind1="1" ind2=" ">
            <subfield code="a">Kirkwood, James,</subfield>
            <subfield code="d">1875-1963,</subfield>
            <subfield code="e">cast.</subfield>
          </datafield>
          <datafield tag="700" ind1="1" ind2=" ">
            <subfield code="a">Hedlund, Guy,</subfield>
            <subfield code="d">1884-1964,</subfield>
            <subfield code="e">cast.</subfield>
          </datafield>
          <datafield tag="700" ind1="1" ind2=" ">
            <subfield code="a">West, Dorothy,</subfield>
            <subfield code="d">1891-1980,</subfield>
            <subfield code="e">cast.</subfield>
          </datafield>
          <datafield tag="700" ind1="1" ind2=" ">
            <subfield code="a">Robinson, Gertrude,</subfield>
            <subfield code="d">1891-1962,</subfield>
            <subfield code="e">cast.</subfield>
          </datafield>
          <datafield tag="700" ind1="1" ind2=" ">
            <subfield code="a">Powell, Frank E.,</subfield>
            <subfield code="d">1877-</subfield>
            <subfield code="e">cast.</subfield>
          </datafield>
          <datafield tag="700" ind1="1" ind2=" ">
            <subfield code="a">Evans, Frank</subfield>
            <subfield code="c">(Actor)</subfield>
            <subfield code="e">cast.</subfield>
          </datafield>
          <datafield tag="710" ind1="2" ind2=" ">
            <subfield code="a">Biograph Company.</subfield>
          </datafield>
          <datafield tag="710" ind1="2" ind2=" ">
            <subfield code="a">Paper Print Collection (Library of Congress)</subfield>
            <subfield code="5">DLC</subfield>
          </datafield>
          <datafield tag="786" ind1="1" ind2="8">
            <subfield code="t">Light that came</subfield>
            <subfield code="w">(DLC) 106940</subfield>
            <subfield code="n">MAVIS</subfield>
          </datafield>
          <datafield tag="856" ind1=" " ind2=" ">
            <subfield code="d">ntscrm</subfield>
            <subfield code="f">00106940</subfield>
            <subfield code="u">http://hdl.loc.gov/loc.mbrsmi/ntscrm.00106940</subfield>
          </datafield>
          <datafield tag="985" ind1=" " ind2=" ">
            <subfield code="a">nsr</subfield>
          </datafield>
        </record>
      </zs:recordData>
      <zs:recordPosition>10</zs:recordPosition>
    </zs:record>