
    <zs:record>
      <zs:recordSchema/>
      <zs:recordPacking>xml</zs:recordPacking>
      <zs:recordData>
        <record xmlns="http://www.loc.gov/MARC21/slim">
          <leader>04190cgm a2200757 a 4500</leader>
          <controlfield tag="001">18573443</controlfield>
          <controlfield tag="005">20180824070632.0</controlfield>
          <controlfield tag="007">mr bf  dnnaranna|------</controlfield>
          <controlfield tag="007">kh bo </controlfield>
          <controlfield tag="007">mr bf  dnnbdanna|------</controlfield>
          <controlfield tag="008">150413s1909    xxu011            mleng  </controlfield>
          <datafield tag="906" ind1=" " ind2=" ">
            <subfield code="a">7</subfield>
            <subfield code="b">cbc</subfield>
            <subfield code="c">orignew</subfield>
            <subfield code="d">u</subfield>
            <subfield code="e">ncip</subfield>
            <subfield code="f">20</subfield>
            <subfield code="g">y-movingim</subfield>
          </datafield>
          <datafield tag="955" ind1=" " ind2=" ">
            <subfield code="i">qm22 2015-04-13</subfield>
            <subfield code="a">qm08 2018-08-24</subfield>
          </datafield>
          <datafield tag="010" ind1=" " ind2=" ">
            <subfield code="a">  2015600161</subfield>
          </datafield>
          <datafield tag="017" ind1=" " ind2=" ">
            <subfield code="a">J133854</subfield>
            <subfield code="b">U.S. Copyright Office</subfield>
          </datafield>
          <datafield tag="033" ind1="1" ind2="0">
            <subfield code="a">19090911</subfield>
            <subfield code="a">19090918</subfield>
            <subfield code="b">3814</subfield>
            <subfield code="c">H72</subfield>
            <subfield code="b">3804</subfield>
            <subfield code="c">N4</subfield>
          </datafield>
          <datafield tag="040" ind1=" " ind2=" ">
            <subfield code="a">DLC</subfield>
            <subfield code="c">DLC</subfield>
            <subfield code="e">amim</subfield>
            <subfield code="d">DLC</subfield>
          </datafield>
          <datafield tag="050" ind1="0" ind2="0">
            <subfield code="a">FLA 5530 (viewing print)</subfield>
          </datafield>
          <datafield tag="050" ind1="0" ind2="0">
            <subfield code="a">FRA 2399 (dupe neg pic)</subfield>
          </datafield>
          <datafield tag="050" ind1="0" ind2="0">
            <subfield code="a">Box 1187A, Box 1188A, Box 1145C (paper pos)</subfield>
          </datafield>
          <datafield tag="245" ind1="0" ind2="0">
            <subfield code="a">Lines of white on a sullen sea /</subfield>
            <subfield code="c">Biograph ; director, D.W. Griffith.</subfield>
          </datafield>
          <datafield tag="257" ind1=" " ind2=" ">
            <subfield code="a">United States.</subfield>
          </datafield>
          <datafield tag="260" ind1=" " ind2=" ">
            <subfield code="a">United States :</subfield>
            <subfield code="b">Biograph Co.,</subfield>
            <subfield code="c">1909.</subfield>
          </datafield>
          <datafield tag="300" ind1=" " ind2=" ">
            <subfield code="3">viewing print</subfield>
            <subfield code="a">1 film reel of 1 (372 ft.) :</subfield>
            <subfield code="b">si., b&amp;w ;</subfield>
            <subfield code="c">16 mm.</subfield>
          </datafield>
          <datafield tag="300" ind1=" " ind2=" ">
            <subfield code="3">dupe neg pic</subfield>
            <subfield code="a">1 film reel of 1 (372 ft.) :</subfield>
            <subfield code="b">si., b&amp;w ;</subfield>
            <subfield code="c">16 mm.</subfield>
          </datafield>
          <datafield tag="300" ind1=" " ind2=" ">
            <subfield code="3">paper pos</subfield>
            <subfield code="a">3 rolls of 3 (ca. 900 ft.) :</subfield>
            <subfield code="b">b&amp;w ;</subfield>
            <subfield code="c">35 mm.</subfield>
          </datafield>
          <datafield tag="500" ind1=" " ind2=" ">
            <subfield code="a">Based on the poem, Lines of white on a sullen sea by William Carleton.</subfield>
          </datafield>
          <datafield tag="500" ind1=" " ind2=" ">
            <subfield code="a">Copyright: Biograph Co.; 27Oct1909; J133854.</subfield>
          </datafield>
          <datafield tag="511" ind1="1" ind2=" ">
            <subfield code="a">Linda Arvidson, George O. Nicholls, James Kirkwood, Kate Bruce, Marion Leonard, Dorthey West, William A. Quirk, Gertrude Robinson, Mary Pickford, Frank Powell, Mack Sennett, Anthony O'Sullivan, Owen Moore.</subfield>
          </datafield>
          <datafield tag="508" ind1=" " ind2=" ">
            <subfield code="a">G.W. Bitzer.</subfield>
          </datafield>
          <datafield tag="518" ind1=" " ind2=" ">
            <subfield code="a">Photographed September 11 and September 18 in Highlands, New Jersey and in the Biograph studio in New York City.</subfield>
          </datafield>
          <datafield tag="520" ind1=" " ind2=" ">
            <subfield code="a">Emily turns down an offer of marriage from sailor Joe, and accepts sailor Bill. He sails away and soon forgets about his promise to Emily, leaving her to wait for six, long years. Unbeknownst to her, he marries and has a child. She waits, despite entreaties from Joe and the ridicule of her neighbors. Eventually she becomes deathly ill. When Bill returns with his wife and child, Joe forces him to make Emily's final moments happy, pretending he has returned to marry her.</subfield>
          </datafield>
          <datafield tag="500" ind1=" " ind2=" ">
            <subfield code="a">Part of summary from the Griffith project, v. 3.</subfield>
          </datafield>
          <datafield tag="500" ind1=" " ind2=" ">
            <subfield code="a">Biograph production no. 3627.</subfield>
          </datafield>
          <datafield tag="500" ind1=" " ind2=" ">
            <subfield code="a">Paper print shelf number (LC 2565) was changed when the paper prints were re-housed.</subfield>
            <subfield code="5">DLC</subfield>
          </datafield>
          <datafield tag="500" ind1=" " ind2=" ">
            <subfield code="a">Additional holdings for this title may be available. Contact reference librarian.</subfield>
            <subfield code="5">DLC</subfield>
          </datafield>
          <datafield tag="500" ind1=" " ind2=" ">
            <subfield code="a">Sources used: Niver, K. Early motion pictures, p. 183; The Griffith project, v. 3, p. 79-81 (program sequence no. 199); Biograph production logs; Biograph bulletins, 1908-1912, p. 137; Christel Schmidt's The Search for a Film Legacy: Mary Pickford (1909-1933) WWW site, viewed April 13, 2015.</subfield>
          </datafield>
          <datafield tag="581" ind1=" " ind2=" ">
            <subfield code="a">Early motion pictures : the Paper Print Collection in the Library of Congress / by Kemp R. Niver. Library of  Congress. 1985.</subfield>
          </datafield>
          <datafield tag="650" ind1=" " ind2="0">
            <subfield code="a">Betrothal</subfield>
            <subfield code="v">Drama.</subfield>
          </datafield>
          <datafield tag="650" ind1=" " ind2="0">
            <subfield code="a">Constancy</subfield>
            <subfield code="v">Drama.</subfield>
          </datafield>
          <datafield tag="650" ind1=" " ind2="0">
            <subfield code="a">Loyalty</subfield>
            <subfield code="v">Drama.</subfield>
          </datafield>
          <datafield tag="650" ind1=" " ind2="0">
            <subfield code="a">Betrayal</subfield>
            <subfield code="v">Drama.</subfield>
          </datafield>
          <datafield tag="655" ind1=" " ind2="7">
            <subfield code="a">Melodramas (Motion pictures)</subfield>
            <subfield code="2">lcgft</subfield>
          </datafield>
          <datafield tag="655" ind1=" " ind2="7">
            <subfield code="a">Silent films.</subfield>
            <subfield code="2">lcgft</subfield>
          </datafield>
          <datafield tag="655" ind1=" " ind2="7">
            <subfield code="a">Short films.</subfield>
            <subfield code="2">lcgft</subfield>
          </datafield>
          <datafield tag="655" ind1=" " ind2="7">
            <subfield code="a">Fiction films.</subfield>
            <subfield code="2">lcgft</subfield>
          </datafield>
          <datafield tag="700" ind1="1" ind2=" ">
            <subfield code="a">Griffith, D. W.</subfield>
            <subfield code="q">(David Wark),</subfield>
            <subfield code="d">1875-1948,</subfield>
            <subfield code="e">direction.</subfield>
          </datafield>
          <datafield tag="700" ind1="1" ind2=" ">
            <subfield code="a">Bitzer, G. W.,</subfield>
            <subfield code="d">1872-1944,</subfield>
            <subfield code="e">camera.</subfield>
          </datafield>
          <datafield tag="700" ind1="1" ind2=" ">
            <subfield code="a">Arvidson, Linda,</subfield>
            <subfield code="d">1884-1949,</subfield>
            <subfield code="e">cast.</subfield>
          </datafield>
          <datafield tag="700" ind1="1" ind2=" ">
            <subfield code="a">Nichols, George,</subfield>
            <subfield code="d">1864-1927,</subfield>
            <subfield code="e">cast.</subfield>
          </datafield>
          <datafield tag="700" ind1="1" ind2=" ">
            <subfield code="a">Kirkwood, James,</subfield>
            <subfield code="d">1875-1963,</subfield>
            <subfield code="e">cast.</subfield>
          </datafield>
          <datafield tag="700" ind1="1" ind2=" ">
            <subfield code="a">Bruce, Kate,</subfield>
            <subfield code="d">1858-1946,</subfield>
            <subfield code="e">cast.</subfield>
          </datafield>
          <datafield tag="700" ind1="1" ind2=" ">
            <subfield code="a">Leonard, Marion,</subfield>
            <subfield code="d">1881-1956,</subfield>
            <subfield code="e">cast.</subfield>
          </datafield>
          <datafield tag="700" ind1="1" ind2=" ">
            <subfield code="a">West, Dorothy,</subfield>
            <subfield code="d">1891-1980,</subfield>
            <subfield code="e">cast.</subfield>
          </datafield>
          <datafield tag="700" ind1="1" ind2=" ">
            <subfield code="a">Quirk, Billy,</subfield>
            <subfield code="d">1873-1926,</subfield>
            <subfield code="e">cast.</subfield>
          </datafield>
          <datafield tag="700" ind1="1" ind2=" ">
            <subfield code="a">Robinson, Gertrude,</subfield>
            <subfield code="d">1891-1962,</subfield>
            <subfield code="e">cast.</subfield>
          </datafield>
          <datafield tag="700" ind1="1" ind2=" ">
            <subfield code="a">Pickford, Mary,</subfield>
            <subfield code="d">1892-1979,</subfield>
            <subfield code="e">cast.</subfield>
          </datafield>
          <datafield tag="700" ind1="1" ind2=" ">
            <subfield code="a">Powell, Frank E.,</subfield>
            <subfield code="d">1877-</subfield>
            <subfield code="e">cast.</subfield>
          </datafield>
          <datafield tag="700" ind1="1" ind2=" ">
            <subfield code="a">Sennett, Mack,</subfield>
            <subfield code="d">1880-1960,</subfield>
            <subfield code="e">cast.</subfield>
          </datafield>
          <datafield tag="700" ind1="1" ind2=" ">
            <subfield code="a">O'Sullivan, Tony,</subfield>
            <subfield code="d">-1920,</subfield>
            <subfield code="e">cast.</subfield>
          </datafield>
          <datafield tag="700" ind1="1" ind2=" ">
            <subfield code="a">Moore, Owen,</subfield>
            <subfield code="d">1886-1939,</subfield>
            <subfield code="e">cast.</subfield>
          </datafield>
          <datafield tag="710" ind1="2" ind2=" ">
            <subfield code="a">Biograph Company.</subfield>
          </datafield>
          <datafield tag="710" ind1="2" ind2=" ">
            <subfield code="a">Paper Print Collection (Library of Congress)</subfield>
            <subfield code="5">DLC</subfield>
          </datafield>
          <datafield tag="786" ind1="1" ind2="8">
            <subfield code="t">Lines of white on a sullen sea</subfield>
            <subfield code="w">(DLC) 107067</subfield>
            <subfield code="n">MAVIS</subfield>
          </datafield>
          <datafield tag="856" ind1=" " ind2=" ">
            <subfield code="3">digital viewing copy</subfield>
            <subfield code="d">ntscrm</subfield>
            <subfield code="f">00107067</subfield>
            <subfield code="u">http://hdl.loc.gov/loc.mbrsmi/ntscrm.00107067</subfield>
          </datafield>
          <datafield tag="985" ind1=" " ind2=" ">
            <subfield code="a">nsr</subfield>
          </datafield>
        </record>
      </zs:recordData>
      <zs:recordPosition>11</zs:recordPosition>
    </zs:record>