
    <zs:record>
      <zs:recordSchema/>
      <zs:recordPacking>xml</zs:recordPacking>
      <zs:recordData>
        <record xmlns="http://www.loc.gov/MARC21/slim">
          <leader>04050cgm a2200709 a 4500</leader>
          <controlfield tag="001">18780170</controlfield>
          <controlfield tag="005">20151023203829.0</controlfield>
          <controlfield tag="007">mr bf  dnnaranna|------</controlfield>
          <controlfield tag="007">kh bo </controlfield>
          <controlfield tag="007">mr bf  dnnbdanna|------</controlfield>
          <controlfield tag="008">150911s1910    xxu006            mleng  </controlfield>
          <datafield tag="906" ind1=" " ind2=" ">
            <subfield code="a">7</subfield>
            <subfield code="b">cbc</subfield>
            <subfield code="c">orignew</subfield>
            <subfield code="d">u</subfield>
            <subfield code="e">ncip</subfield>
            <subfield code="f">20</subfield>
            <subfield code="g">y-movingim</subfield>
          </datafield>
          <datafield tag="955" ind1=" " ind2=" ">
            <subfield code="i">qm22 2015-09-11</subfield>
            <subfield code="a">qm22 2015-10-23</subfield>
          </datafield>
          <datafield tag="010" ind1=" " ind2=" ">
            <subfield code="a">  2015600212</subfield>
          </datafield>
          <datafield tag="017" ind1=" " ind2=" ">
            <subfield code="a">J142450</subfield>
            <subfield code="b">U.S. Copyright Office</subfield>
          </datafield>
          <datafield tag="033" ind1="1" ind2="0">
            <subfield code="a">19100309</subfield>
            <subfield code="a">19100310</subfield>
            <subfield code="a">19100318</subfield>
            <subfield code="b">4364</subfield>
            <subfield code="c">B83</subfield>
            <subfield code="b">4364</subfield>
            <subfield code="c">L8:2V4</subfield>
          </datafield>
          <datafield tag="040" ind1=" " ind2=" ">
            <subfield code="a">DLC</subfield>
            <subfield code="c">DLC</subfield>
            <subfield code="e">amim</subfield>
          </datafield>
          <datafield tag="050" ind1="0" ind2="0">
            <subfield code="a">FLA 5600 (viewing print)</subfield>
          </datafield>
          <datafield tag="050" ind1="0" ind2="0">
            <subfield code="a">FRA 6418 (dupe neg pic)</subfield>
          </datafield>
          <datafield tag="050" ind1="0" ind2="0">
            <subfield code="a">Box 0759A (paper pos)</subfield>
          </datafield>
          <datafield tag="245" ind1="0" ind2="0">
            <subfield code="a">Never again! /</subfield>
            <subfield code="c">Biograph ; directed by Frank Powell ; written by D.W. Griffith.</subfield>
          </datafield>
          <datafield tag="257" ind1=" " ind2=" ">
            <subfield code="a">United States.</subfield>
          </datafield>
          <datafield tag="260" ind1=" " ind2=" ">
            <subfield code="a">United States :</subfield>
            <subfield code="b">Biograph Co.,</subfield>
            <subfield code="c">1910.</subfield>
          </datafield>
          <datafield tag="300" ind1=" " ind2=" ">
            <subfield code="3">viewing print</subfield>
            <subfield code="a">1 film reel of 1 (239 ft.) :</subfield>
            <subfield code="b">si., b&amp;w ;</subfield>
            <subfield code="c">16 mm.</subfield>
          </datafield>
          <datafield tag="300" ind1=" " ind2=" ">
            <subfield code="3">dupe neg pic</subfield>
            <subfield code="a">1 film reel of 1 (239 ft.) :</subfield>
            <subfield code="b">si., b&amp;w ;</subfield>
            <subfield code="c">16 mm.</subfield>
          </datafield>
          <datafield tag="300" ind1=" " ind2=" ">
            <subfield code="3">paper pos</subfield>
            <subfield code="a">1 roll of 1 (ca. 600 ft.) :</subfield>
            <subfield code="b">b&amp;w ;</subfield>
            <subfield code="c">35 mm.</subfield>
          </datafield>
          <datafield tag="500" ind1=" " ind2=" ">
            <subfield code="a">Copyright: Biograph Co.; 22Jun1910; J142450.</subfield>
          </datafield>
          <datafield tag="511" ind1="1" ind2=" ">
            <subfield code="a">Mary Pickford, Mack Sennett, Billy Quirk, Charles Craig, James Kirkwood, Owen Moore, Anthony O'Sullivan, Gertrude Robinson.</subfield>
          </datafield>
          <datafield tag="508" ind1=" " ind2=" ">
            <subfield code="a">Camera, Arthur Marvin.</subfield>
          </datafield>
          <datafield tag="500" ind1=" " ind2=" ">
            <subfield code="a">Early motion pictures credits D.W. Griffith as director; the Internet movie database credits both D.W. Griffith and Frank Powell as directors, however, Never again! does not appear as an entry in The Griffith project, v. 4, films produced in 1910.</subfield>
          </datafield>
          <datafield tag="518" ind1=" " ind2=" ">
            <subfield code="a">Photographed on March 9, 10 and 18, 1910 in Brentwood, California and Venice, California.</subfield>
          </datafield>
          <datafield tag="520" ind1=" " ind2=" ">
            <subfield code="a">Letty sees her boyfriend Clarence with his head close to her cousin's as they are engrossed in a book and this causes her to flirt with her Clarence's friend, Felix, who takes Letty for a rowboat ride on the grand canal of Venice, California, and somehow falls in the water. During the period he is under the water, Clarence rescues Letty with another rowboat, which causes a great deal of consternation when poor, abandoned Felix surfaces and finds Letty missing.</subfield>
          </datafield>
          <datafield tag="500" ind1=" " ind2=" ">
            <subfield code="a">Parts of summary from Early motion pictures and the Biograph bulletins.</subfield>
          </datafield>
          <datafield tag="500" ind1=" " ind2=" ">
            <subfield code="a">Biograph production no. 3693.</subfield>
          </datafield>
          <datafield tag="500" ind1=" " ind2=" ">
            <subfield code="a">Paper print shelf number (LC 2643) was changed when the paper prints were re-housed.</subfield>
            <subfield code="5">DLC</subfield>
          </datafield>
          <datafield tag="500" ind1=" " ind2=" ">
            <subfield code="a">Additional holdings for this title may be available. Contact reference librarian.</subfield>
            <subfield code="5">DLC</subfield>
          </datafield>
          <datafield tag="500" ind1=" " ind2=" ">
            <subfield code="a">Originally released as part of a split reel with May and December.</subfield>
          </datafield>
          <datafield tag="500" ind1=" " ind2=" ">
            <subfield code="a">Sources used: Niver, K. Early motion pictures, p. 219; Biograph bulletins, 1908-1912, p. 205; Christel Schmidt's The Search for a Film Legacy: Mary Pickford (1909-1933) WWW site, viewed September 11, 2015; Internet movie database WWW site, viewed September 11, 2015.</subfield>
          </datafield>
          <datafield tag="581" ind1=" " ind2=" ">
            <subfield code="a">Early motion pictures : the Paper Print Collection in the Library of Congress / by Kemp R. Niver. Library of  Congress. 1985.</subfield>
          </datafield>
          <datafield tag="650" ind1=" " ind2="0">
            <subfield code="a">Jealousy</subfield>
            <subfield code="v">Humor.</subfield>
          </datafield>
          <datafield tag="650" ind1=" " ind2="0">
            <subfield code="a">Flirtation</subfield>
            <subfield code="v">Humor.</subfield>
          </datafield>
          <datafield tag="650" ind1=" " ind2="0">
            <subfield code="a">Boyfriends</subfield>
            <subfield code="v">Humor.</subfield>
          </datafield>
          <datafield tag="650" ind1=" " ind2="0">
            <subfield code="a">Boating</subfield>
            <subfield code="v">Humor.</subfield>
          </datafield>
          <datafield tag="655" ind1=" " ind2="7">
            <subfield code="a">Comedy films.</subfield>
            <subfield code="2">lcgft</subfield>
          </datafield>
          <datafield tag="655" ind1=" " ind2="7">
            <subfield code="a">Silent films.</subfield>
            <subfield code="2">lcgft</subfield>
          </datafield>
          <datafield tag="655" ind1=" " ind2="7">
            <subfield code="a">Short films.</subfield>
            <subfield code="2">lcgft</subfield>
          </datafield>
          <datafield tag="655" ind1=" " ind2="7">
            <subfield code="a">Fiction films.</subfield>
            <subfield code="2">lcgft</subfield>
          </datafield>
          <datafield tag="700" ind1="1" ind2=" ">
            <subfield code="a">Powell, Frank E.,</subfield>
            <subfield code="d">1877-</subfield>
            <subfield code="e">direction.</subfield>
          </datafield>
          <datafield tag="700" ind1="1" ind2=" ">
            <subfield code="a">Griffith, D. W.</subfield>
            <subfield code="q">(David Wark),</subfield>
            <subfield code="d">1875-1948,</subfield>
            <subfield code="e">writing.</subfield>
          </datafield>
          <datafield tag="700" ind1="1" ind2=" ">
            <subfield code="a">Marvin, Arthur W.,</subfield>
            <subfield code="d">1861-1911,</subfield>
            <subfield code="e">camera.</subfield>
          </datafield>
          <datafield tag="700" ind1="1" ind2=" ">
            <subfield code="a">Pickford, Mary,</subfield>
            <subfield code="d">1892-1979,</subfield>
            <subfield code="e">cast.</subfield>
          </datafield>
          <datafield tag="700" ind1="1" ind2=" ">
            <subfield code="a">Sennett, Mack,</subfield>
            <subfield code="d">1880-1960,</subfield>
            <subfield code="e">cast.</subfield>
          </datafield>
          <datafield tag="700" ind1="1" ind2=" ">
            <subfield code="a">Quirk, Billy,</subfield>
            <subfield code="d">1873-1926,</subfield>
            <subfield code="e">cast.</subfield>
          </datafield>
          <datafield tag="700" ind1="1" ind2=" ">
            <subfield code="a">Craig, Charles B.,</subfield>
            <subfield code="e">cast.</subfield>
          </datafield>
          <datafield tag="700" ind1="1" ind2=" ">
            <subfield code="a">Kirkwood, James,</subfield>
            <subfield code="d">1875-1963,</subfield>
            <subfield code="e">cast.</subfield>
          </datafield>
          <datafield tag="700" ind1="1" ind2=" ">
            <subfield code="a">Moore, Owen,</subfield>
            <subfield code="d">1886-1939,</subfield>
            <subfield code="e">cast.</subfield>
          </datafield>
          <datafield tag="700" ind1="1" ind2=" ">
            <subfield code="a">O'Sullivan, Tony,</subfield>
            <subfield code="d">-1920,</subfield>
            <subfield code="e">cast.</subfield>
          </datafield>
          <datafield tag="700" ind1="1" ind2=" ">
            <subfield code="a">Robinson, Gertrude,</subfield>
            <subfield code="d">1891-1962,</subfield>
            <subfield code="e">cast.</subfield>
          </datafield>
          <datafield tag="710" ind1="2" ind2=" ">
            <subfield code="a">Biograph Company.</subfield>
          </datafield>
          <datafield tag="710" ind1="0" ind2=" ">
            <subfield code="a">Pickford (Mary) Collection (Library of Congress)</subfield>
            <subfield code="5">DLC</subfield>
          </datafield>
          <datafield tag="710" ind1="2" ind2=" ">
            <subfield code="a">Paper Print Collection (Library of Congress)</subfield>
            <subfield code="5">DLC</subfield>
          </datafield>
          <datafield tag="786" ind1="1" ind2="8">
            <subfield code="t">Never again!</subfield>
            <subfield code="w">(DLC) 17819</subfield>
            <subfield code="n">MAVIS</subfield>
          </datafield>
        </record>
      </zs:recordData>
      <zs:recordPosition>12</zs:recordPosition>
    </zs:record>