
    <zs:record>
      <zs:recordSchema/>
      <zs:recordPacking>xml</zs:recordPacking>
      <zs:recordData>
        <record xmlns="http://www.loc.gov/MARC21/slim">
          <leader>05271cgm a2200865 a 4500</leader>
          <controlfield tag="001">17848483</controlfield>
          <controlfield tag="005">20150408152914.0</controlfield>
          <controlfield tag="007">mr bf  dnnaranna|------</controlfield>
          <controlfield tag="007">kh bo </controlfield>
          <controlfield tag="007">mr bf  dnnbdanna|------</controlfield>
          <controlfield tag="007">mr bf  fnnaranna|------</controlfield>
          <controlfield tag="007">mr bf  fnnbdanna|------</controlfield>
          <controlfield tag="008">130812s1909    xxu006            mleng  </controlfield>
          <datafield tag="906" ind1=" " ind2=" ">
            <subfield code="a">7</subfield>
            <subfield code="b">cbc</subfield>
            <subfield code="c">orignew</subfield>
            <subfield code="d">u</subfield>
            <subfield code="e">ncip</subfield>
            <subfield code="f">20</subfield>
            <subfield code="g">y-movingim</subfield>
          </datafield>
          <datafield tag="955" ind1=" " ind2=" ">
            <subfield code="i">qm22 2013-08-12</subfield>
            <subfield code="a">qm22 2013-09-30</subfield>
          </datafield>
          <datafield tag="010" ind1=" " ind2=" ">
            <subfield code="a">  2013605305</subfield>
          </datafield>
          <datafield tag="017" ind1=" " ind2=" ">
            <subfield code="a">J130485</subfield>
            <subfield code="b">U.S. Copyright Office</subfield>
          </datafield>
          <datafield tag="033" ind1="1" ind2="0">
            <subfield code="a">19090624</subfield>
            <subfield code="a">19090625</subfield>
            <subfield code="a">19090715</subfield>
            <subfield code="b">3814</subfield>
            <subfield code="c">L65</subfield>
            <subfield code="b">3804</subfield>
            <subfield code="c">N4</subfield>
          </datafield>
          <datafield tag="040" ind1=" " ind2=" ">
            <subfield code="a">DLC</subfield>
            <subfield code="c">DLC</subfield>
            <subfield code="e">amim</subfield>
            <subfield code="d">DLC</subfield>
          </datafield>
          <datafield tag="050" ind1="0" ind2="0">
            <subfield code="a">FLA 5704 (viewing print)</subfield>
          </datafield>
          <datafield tag="050" ind1="0" ind2="0">
            <subfield code="a">FEB 4744 (viewing print)</subfield>
          </datafield>
          <datafield tag="050" ind1="0" ind2="0">
            <subfield code="a">FRA 6444 (dupe neg pic)</subfield>
          </datafield>
          <datafield tag="050" ind1="0" ind2="0">
            <subfield code="a">FPC 8062 (dupe neg pic)</subfield>
          </datafield>
          <datafield tag="050" ind1="0" ind2="0">
            <subfield code="a">Box 0840A (paper pos)</subfield>
          </datafield>
          <datafield tag="245" ind1="0" ind2="0">
            <subfield code="a">They would elope /</subfield>
            <subfield code="c">Biograph Co. ; director, D.W. Griffith.</subfield>
          </datafield>
          <datafield tag="257" ind1=" " ind2=" ">
            <subfield code="a">United States.</subfield>
          </datafield>
          <datafield tag="260" ind1=" " ind2=" ">
            <subfield code="a">United States :</subfield>
            <subfield code="b">Biograph,</subfield>
            <subfield code="c">1909.</subfield>
          </datafield>
          <datafield tag="300" ind1=" " ind2=" ">
            <subfield code="3">viewing print</subfield>
            <subfield code="a">1 film reel of 1 (216 ft.) :</subfield>
            <subfield code="b">si., b&amp;w ;</subfield>
            <subfield code="c">16 mm.</subfield>
          </datafield>
          <datafield tag="300" ind1=" " ind2=" ">
            <subfield code="3">viewing print</subfield>
            <subfield code="a">1 film reel of 1 (574 ft.) :</subfield>
            <subfield code="b">si., b&amp;w ;</subfield>
            <subfield code="c">35 mm.</subfield>
          </datafield>
          <datafield tag="300" ind1=" " ind2=" ">
            <subfield code="3">dupe neg pic</subfield>
            <subfield code="a">1 film reel of 1 (216 ft.) :</subfield>
            <subfield code="b">si., b&amp;w ;</subfield>
            <subfield code="c">16 mm.</subfield>
          </datafield>
          <datafield tag="300" ind1=" " ind2=" ">
            <subfield code="3">dupe neg pic</subfield>
            <subfield code="a">1 film reel of 1 (574 ft.) :</subfield>
            <subfield code="b">si., b&amp;w ;</subfield>
            <subfield code="c">35 mm.</subfield>
          </datafield>
          <datafield tag="300" ind1=" " ind2=" ">
            <subfield code="3">paper pos</subfield>
            <subfield code="a">1 roll of 1 (ca. 575 ft.) :</subfield>
            <subfield code="b">b&amp;w ;</subfield>
            <subfield code="c">35 mm.</subfield>
          </datafield>
          <datafield tag="500" ind1=" " ind2=" ">
            <subfield code="a">Copyright: Biograph Co.; 10Aug1909; J130485.</subfield>
          </datafield>
          <datafield tag="508" ind1=" " ind2=" ">
            <subfield code="a">Camera, G.W. Bitzer, Percy Higginson.</subfield>
          </datafield>
          <datafield tag="511" ind1="1" ind2=" ">
            <subfield code="a">Mary Pickford, William A. Quirk, James Kirkwood, Kate Bruce, Mack Sennett, Arthur Johnson, Owen Moore, W.J. Butler, Robert Harron, Harry Solter, Anthony O'Sullivan, Gladys Egan, John R. Cumpson, Henry B. Walthall, Gertrude Robinson.</subfield>
          </datafield>
          <datafield tag="520" ind1=" " ind2=" ">
            <subfield code="a">Bessie's father discovers his daughter and Harry in the middle of a passionate declaration of love, and admonishes them--they are too young for marriage! Bessie and Harry are offended. To prove he is wrong, they decide to elope. Leaving a note, they start out in a buggy that breaks down, so they continue on foot. They hitch a ride in an automobile that blows up. Positive that their pursuers must be close behind, they start running (though in fact, no one is chasing them!) Bessie collapses from exhaustion, so Harry borrows a wheelborrow from a passing farmer. They continue until they come to a boat landing, get in a canoe, start paddling, and somehow manage to fall out. In sheer disgust, the bedraggled couple return home, unmarried. There they find that Bessie's mother and father have not been chasing them at all, but instead have invited all their friends to a wedding feast, and even have the minister there, just in case. The muddy, sodden pair are married at last!</subfield>
          </datafield>
          <datafield tag="500" ind1=" " ind2=" ">
            <subfield code="a">Parts of summary from Early motion pictures, p. 325, and from the Biograph bulletins, 1908-1912, p. 114.</subfield>
          </datafield>
          <datafield tag="500" ind1=" " ind2=" ">
            <subfield code="a">Biograph production no. 3599.</subfield>
          </datafield>
          <datafield tag="500" ind1=" " ind2=" ">
            <subfield code="a">Paper print shelf number (LC 2800) was changed when the paper prints were re-housed.</subfield>
            <subfield code="5">DLC</subfield>
          </datafield>
          <datafield tag="500" ind1=" " ind2=" ">
            <subfield code="a">Additional holdings for this title may be available. Contact reference librarian.</subfield>
            <subfield code="5">DLC</subfield>
          </datafield>
          <datafield tag="500" ind1=" " ind2=" ">
            <subfield code="a">Cast and crew confirmed in The Griffith project, v. 3. Percy Higginson is credited as Mr. Higgins in Niver's Early motion pictures catalog.</subfield>
          </datafield>
          <datafield tag="518" ind1=" " ind2=" ">
            <subfield code="a">Filmed on June 24-25, and July 15, 1909 in Little Falls, New Jersey and at the Biograph Studio in New York City.</subfield>
          </datafield>
          <datafield tag="500" ind1=" " ind2=" ">
            <subfield code="a">Not viewed.</subfield>
          </datafield>
          <datafield tag="500" ind1=" " ind2=" ">
            <subfield code="a">Sources used: Niver, K. Early motion pictures, p. 325; Internet movie database WWW site, viewed August 12, 2013; The Griffith project, v. 3. Films produced in July-December 1909, p. 16; Biograph bulletins, 1908-1912, p. 114.</subfield>
          </datafield>
          <datafield tag="581" ind1=" " ind2=" ">
            <subfield code="a">Early motion pictures : the Paper Print Collection in the Library of Congress / by Kemp R. Niver. Library of  Congress. 1985.</subfield>
          </datafield>
          <datafield tag="650" ind1=" " ind2="0">
            <subfield code="a">Elopement</subfield>
            <subfield code="v">Humor.</subfield>
          </datafield>
          <datafield tag="650" ind1=" " ind2="0">
            <subfield code="a">Fathers and daughters</subfield>
            <subfield code="v">Humor.</subfield>
          </datafield>
          <datafield tag="655" ind1=" " ind2="7">
            <subfield code="a">Comedy films.</subfield>
            <subfield code="2">lcgft</subfield>
          </datafield>
          <datafield tag="655" ind1=" " ind2="7">
            <subfield code="a">Chase films.</subfield>
            <subfield code="2">lcgft</subfield>
          </datafield>
          <datafield tag="655" ind1=" " ind2="7">
            <subfield code="a">Silent films.</subfield>
            <subfield code="2">lcgft</subfield>
          </datafield>
          <datafield tag="655" ind1=" " ind2="7">
            <subfield code="a">Short films.</subfield>
            <subfield code="2">lcgft</subfield>
          </datafield>
          <datafield tag="655" ind1=" " ind2="7">
            <subfield code="a">Fiction films.</subfield>
            <subfield code="2">lcgft</subfield>
          </datafield>
          <datafield tag="700" ind1="1" ind2=" ">
            <subfield code="a">Griffith, D. W.</subfield>
            <subfield code="q">(David Wark),</subfield>
            <subfield code="d">1875-1948,</subfield>
            <subfield code="e">direction.</subfield>
          </datafield>
          <datafield tag="700" ind1="1" ind2=" ">
            <subfield code="a">Bitzer, G. W.,</subfield>
            <subfield code="d">1872-1944,</subfield>
            <subfield code="e">camera.</subfield>
          </datafield>
          <datafield tag="700" ind1="1" ind2=" ">
            <subfield code="a">Higginson, Percy,</subfield>
            <subfield code="d">1878-1940,</subfield>
            <subfield code="e">camera.</subfield>
          </datafield>
          <datafield tag="700" ind1="1" ind2=" ">
            <subfield code="a">Pickford, Mary,</subfield>
            <subfield code="d">1892-1979,</subfield>
            <subfield code="e">cast.</subfield>
          </datafield>
          <datafield tag="700" ind1="1" ind2=" ">
            <subfield code="a">Quirk, Billy,</subfield>
            <subfield code="d">1873-1926,</subfield>
            <subfield code="e">cast.</subfield>
          </datafield>
          <datafield tag="700" ind1="1" ind2=" ">
            <subfield code="a">Kirkwood, James,</subfield>
            <subfield code="d">1875-1963,</subfield>
            <subfield code="e">cast.</subfield>
          </datafield>
          <datafield tag="700" ind1="1" ind2=" ">
            <subfield code="a">Bruce, Kate,</subfield>
            <subfield code="d">1858-1946,</subfield>
            <subfield code="e">cast.</subfield>
          </datafield>
          <datafield tag="700" ind1="1" ind2=" ">
            <subfield code="a">Sennett, Mack,</subfield>
            <subfield code="d">1880-1960,</subfield>
            <subfield code="e">cast.</subfield>
          </datafield>
          <datafield tag="700" ind1="1" ind2=" ">
            <subfield code="a">Johnson, Arthur V.,</subfield>
            <subfield code="d">1876-1916,</subfield>
            <subfield code="e">cast.</subfield>
          </datafield>
          <datafield tag="700" ind1="1" ind2=" ">
            <subfield code="a">Moore, Owen,</subfield>
            <subfield code="d">1886-1939,</subfield>
            <subfield code="e">cast.</subfield>
          </datafield>
          <datafield tag="700" ind1="1" ind2=" ">
            <subfield code="a">Butler, William J.,</subfield>
            <subfield code="d">1860-1927,</subfield>
            <subfield code="e">cast.</subfield>
          </datafield>
          <datafield tag="700" ind1="1" ind2=" ">
            <subfield code="a">Harron, Robert,</subfield>
            <subfield code="d">1894-1920,</subfield>
            <subfield code="e">cast.</subfield>
          </datafield>
          <datafield tag="700" ind1="1" ind2=" ">
            <subfield code="a">Solter, Harry L.,</subfield>
            <subfield code="d">1874-1920,</subfield>
            <subfield code="e">cast.</subfield>
          </datafield>
          <datafield tag="700" ind1="1" ind2=" ">
            <subfield code="a">O'Sullivan, Tony,</subfield>
            <subfield code="d">-1920,</subfield>
            <subfield code="e">cast.</subfield>
          </datafield>
          <datafield tag="700" ind1="1" ind2=" ">
            <subfield code="a">Egan, Gladys,</subfield>
            <subfield code="e">cast.</subfield>
          </datafield>
          <datafield tag="700" ind1="1" ind2=" ">
            <subfield code="a">Cumpson, John R.,</subfield>
            <subfield code="d">1868-1913,</subfield>
            <subfield code="e">cast.</subfield>
          </datafield>
          <datafield tag="700" ind1="1" ind2=" ">
            <subfield code="a">Walthall, Henry B.</subfield>
            <subfield code="q">(Henry Brazeale),</subfield>
            <subfield code="d">1878-1936,</subfield>
            <subfield code="e">cast.</subfield>
          </datafield>
          <datafield tag="700" ind1="1" ind2=" ">
            <subfield code="a">Robinson, Gertrude,</subfield>
            <subfield code="d">1891-1962,</subfield>
            <subfield code="e">cast.</subfield>
          </datafield>
          <datafield tag="710" ind1="2" ind2=" ">
            <subfield code="a">Biograph Company.</subfield>
          </datafield>
          <datafield tag="710" ind1="0" ind2=" ">
            <subfield code="a">Pickford (Mary) Collection (Library of Congress)</subfield>
            <subfield code="5">DLC</subfield>
          </datafield>
          <datafield tag="710" ind1="2" ind2=" ">
            <subfield code="a">Paper Print Collection (Library of Congress)</subfield>
            <subfield code="5">DLC</subfield>
          </datafield>
          <datafield tag="710" ind1="2" ind2=" ">
            <subfield code="a">AFI/Pickford (Mary) Collection (Library of Congress)</subfield>
            <subfield code="5">DLC</subfield>
          </datafield>
          <datafield tag="786" ind1="1" ind2="8">
            <subfield code="t">They would elope</subfield>
            <subfield code="w">(DLC) 17836</subfield>
            <subfield code="n">MAVIS</subfield>
          </datafield>
        </record>
      </zs:recordData>
      <zs:recordPosition>15</zs:recordPosition>
    </zs:record>