
    <zs:record>
      <zs:recordSchema/>
      <zs:recordPacking>xml</zs:recordPacking>
      <zs:recordData>
        <record xmlns="http://www.loc.gov/MARC21/slim">
          <leader>03406cac a22004337a 4500</leader>
          <controlfield tag="001">17315053</controlfield>
          <controlfield tag="005">20130607134408.0</controlfield>
          <controlfield tag="008">120523s1913    xxua          000 0 eng  </controlfield>
          <datafield tag="906" ind1=" " ind2=" ">
            <subfield code="a">7</subfield>
            <subfield code="b">cbc</subfield>
            <subfield code="c">orignew</subfield>
            <subfield code="d">1</subfield>
            <subfield code="e">ncip</subfield>
            <subfield code="f">20</subfield>
            <subfield code="g">y-genrareb</subfield>
          </datafield>
          <datafield tag="955" ind1=" " ind2=" ">
            <subfield code="a">hh08 2012-05-23 on order for Children's Literature Center</subfield>
            <subfield code="i">he11 2013-02-04</subfield>
          </datafield>
          <datafield tag="955" ind1=" " ind2=" ">
            <subfield code="a">hh08 2012-05-23 on order for Children's Literature Center</subfield>
          </datafield>
          <datafield tag="010" ind1=" " ind2=" ">
            <subfield code="a">  2012498493</subfield>
          </datafield>
          <datafield tag="040" ind1=" " ind2=" ">
            <subfield code="a">DLC</subfield>
            <subfield code="c">DLC</subfield>
          </datafield>
          <datafield tag="050" ind1="0" ind2="0">
            <subfield code="a">PS3535.O25643</subfield>
            <subfield code="b">A78</subfield>
          </datafield>
          <datafield tag="100" ind1="1" ind2=" ">
            <subfield code="a">Robinson, Gertrude Ina,</subfield>
            <subfield code="d">1868-</subfield>
          </datafield>
          <datafield tag="245" ind1="1" ind2="0">
            <subfield code="a">Archive for floral fairies and rainbow fairies.</subfield>
          </datafield>
          <datafield tag="260" ind1=" " ind2=" ">
            <subfield code="a">1907-1913.</subfield>
          </datafield>
          <datafield tag="300" ind1=" " ind2=" ">
            <subfield code="a">ca. 75 items ;</subfield>
            <subfield code="c">28 x 40 cm. or smaller.</subfield>
          </datafield>
          <datafield tag="500" ind1=" " ind2=" ">
            <subfield code="a">Consists of mock-up of book "Floral fairies: Adventures of Johnny Jump-up" and extra suite of 15 water color renderings by Alberta Hall for the book. Includes 2 color design drawings of Rainbow Fairies, small packet of 6 wax crayon color drawings and 5 drafts of unpublished typescript "Rainbow Fairies," 2 drafts of "Rainbow fairies, half-tone colors" and "Semi-tone color, Rainbow fairies, part II" and "Scientific relation of tone, color and thought and their symbols and forms" and sketchbook with text "Vibration and color" by Gertrude Ina Robinson. Also includes samples of commercial licensing material for 38 gift tags, sticker labels and mock-ups with designs by Gertrude Ina Robinson and copy of Dennison's Christmas book 1913 including advertising for those designs and photograph of catalog page with those designs. Includes business card for Gertrude Ina Robinson, harpist accompanying gift card samples with typewritten note on verso: "Copyright Sept. 21st, 1907 by Gertrude Ina Robinson. All rights reserved". Also includes portrait of unidentified man in U.S. military chaplain's uniform in an Underwood &amp; Underwood, N.Y. portfolio used as stiff backing for Rainbow fairies drawings.</subfield>
          </datafield>
          <datafield tag="500" ind1=" " ind2=" ">
            <subfield code="a">Title devised by Library staff.</subfield>
          </datafield>
          <datafield tag="505" ind1="0" ind2=" ">
            <subfield code="a">Box 1: Typescripts. Crayon drawings (11 items) -- Box 2: Mock up book of Floral fairies. Adventures of Johnny Jump-Up by Gertrude Ina Robinson, pictures by Alberta Hall -- 15 original watercolors by Alberta Hall for illustrations in Johnny Jump-Up -- Packet of gift tags including mockups and labels and Dennison's Christmas book 1913 catalog (43 items) -- Two drawings for Rainbow fairies -- Portrait of unidentifed man in military chaplain uniform.</subfield>
          </datafield>
          <datafield tag="650" ind1=" " ind2="0">
            <subfield code="a">Book design</subfield>
            <subfield code="z">United States</subfield>
            <subfield code="x">History</subfield>
            <subfield code="y">20th century</subfield>
            <subfield code="v">Sources.</subfield>
          </datafield>
          <datafield tag="650" ind1=" " ind2="0">
            <subfield code="a">Paper</subfield>
            <subfield code="v">Catalogs.</subfield>
          </datafield>
          <datafield tag="650" ind1=" " ind2="0">
            <subfield code="a">Christmas decorations.</subfield>
          </datafield>
          <datafield tag="650" ind1=" " ind2="0">
            <subfield code="a">Color</subfield>
            <subfield code="x">Psychological aspects.</subfield>
          </datafield>
          <datafield tag="655" ind1=" " ind2="7">
            <subfield code="a">Book designers' mock-ups (Publishing)</subfield>
            <subfield code="2">rbpub</subfield>
          </datafield>
          <datafield tag="700" ind1="1" ind2=" ">
            <subfield code="a">Hall, Alberta,</subfield>
            <subfield code="e">artist.</subfield>
          </datafield>
          <datafield tag="700" ind1="1" ind2=" ">
            <subfield code="a">Robinson, Gertrude Ina,</subfield>
            <subfield code="d">1868-</subfield>
            <subfield code="t">Floral fairies.</subfield>
          </datafield>
          <datafield tag="700" ind1="1" ind2="2">
            <subfield code="a">Robinson, Gertrude Ina,</subfield>
            <subfield code="d">1868-</subfield>
            <subfield code="t">Adventures of Johnny Jump-up.</subfield>
          </datafield>
          <datafield tag="700" ind1="1" ind2="2">
            <subfield code="a">Robinson, Gertrude Ina,</subfield>
            <subfield code="d">1868-</subfield>
            <subfield code="t">Scientific relation of tone, color and thought and their symbols and forms.</subfield>
          </datafield>
          <datafield tag="700" ind1="1" ind2="2">
            <subfield code="a">Robinson, Gertrude Ina,</subfield>
            <subfield code="d">1868-</subfield>
            <subfield code="t">Vibration and color.</subfield>
          </datafield>
          <datafield tag="710" ind1="2" ind2=" ">
            <subfield code="a">Juvenile Collection (Library of Congress)</subfield>
            <subfield code="5">DLC</subfield>
          </datafield>
          <datafield tag="740" ind1="0" ind2=" ">
            <subfield code="a">Floral fairies.</subfield>
          </datafield>
          <datafield tag="740" ind1="0" ind2=" ">
            <subfield code="a">Rainbow fairies.</subfield>
          </datafield>
          <datafield tag="740" ind1="0" ind2="2">
            <subfield code="a">Adventures of Johnny Jump-up.</subfield>
          </datafield>
          <datafield tag="740" ind1="0" ind2="2">
            <subfield code="a">Scientific relation of tone, color and thought and their symbols and forms.</subfield>
          </datafield>
          <datafield tag="740" ind1="0" ind2="2">
            <subfield code="a">Vibration and color.</subfield>
          </datafield>
          <datafield tag="740" ind1="0" ind2="2">
            <subfield code="a">Dennison's Christmas book, 1913.</subfield>
          </datafield>
          <datafield tag="923" ind1=" " ind2=" ">
            <subfield code="d">20120523</subfield>
            <subfield code="n">301</subfield>
            <subfield code="s">Palinurus Antiquarian Books</subfield>
          </datafield>
        </record>
      </zs:recordData>
      <zs:recordPosition>46</zs:recordPosition>
    </zs:record>