
    <zs:record>
      <zs:recordSchema/>
      <zs:recordPacking>xml</zs:recordPacking>
      <zs:recordData>
        <record xmlns="http://www.loc.gov/MARC21/slim">
          <leader>00947cam a2200277 i 4500</leader>
          <controlfield tag="001">3180288</controlfield>
          <controlfield tag="005">19901012090604.7</controlfield>
          <controlfield tag="008">761209s1977    ilua     b    001 0 eng  </controlfield>
          <datafield tag="035" ind1=" " ind2=" ">
            <subfield code="9">(DLC)   76030606</subfield>
          </datafield>
          <datafield tag="906" ind1=" " ind2=" ">
            <subfield code="a">7</subfield>
            <subfield code="b">cbc</subfield>
            <subfield code="c">orignew</subfield>
            <subfield code="d">1</subfield>
            <subfield code="e">ocip</subfield>
            <subfield code="f">19</subfield>
            <subfield code="g">y-gencatlg</subfield>
          </datafield>
          <datafield tag="010" ind1=" " ind2=" ">
            <subfield code="a">   76030606 </subfield>
          </datafield>
          <datafield tag="020" ind1=" " ind2=" ">
            <subfield code="a">025200597X</subfield>
          </datafield>
          <datafield tag="040" ind1=" " ind2=" ">
            <subfield code="a">DLC</subfield>
            <subfield code="c">DLC</subfield>
            <subfield code="d">DLC</subfield>
          </datafield>
          <datafield tag="043" ind1=" " ind2=" ">
            <subfield code="a">e-yu---</subfield>
          </datafield>
          <datafield tag="050" ind1="0" ind2="0">
            <subfield code="a">P92.Y8</subfield>
            <subfield code="b">R6</subfield>
          </datafield>
          <datafield tag="082" ind1="0" ind2="0">
            <subfield code="a">301.16/1/09497</subfield>
          </datafield>
          <datafield tag="100" ind1="1" ind2=" ">
            <subfield code="a">Robinson, Gertrude Joch.</subfield>
          </datafield>
          <datafield tag="245" ind1="1" ind2="0">
            <subfield code="a">Tito's maverick media :</subfield>
            <subfield code="b">the politics of mass communications in Yugoslavia /</subfield>
            <subfield code="c">Gertrude Joch Robinson.</subfield>
          </datafield>
          <datafield tag="260" ind1=" " ind2=" ">
            <subfield code="a">Urbana :</subfield>
            <subfield code="b">University of Illinois Press,</subfield>
            <subfield code="c">c1977.</subfield>
          </datafield>
          <datafield tag="300" ind1=" " ind2=" ">
            <subfield code="a">263 p. :</subfield>
            <subfield code="b">ill. ;</subfield>
            <subfield code="c">24 cm.</subfield>
          </datafield>
          <datafield tag="504" ind1=" " ind2=" ">
            <subfield code="a">Bibliography: p. [244]-257.</subfield>
          </datafield>
          <datafield tag="500" ind1=" " ind2=" ">
            <subfield code="a">Includes index.</subfield>
          </datafield>
          <datafield tag="650" ind1=" " ind2="0">
            <subfield code="a">Mass media</subfield>
            <subfield code="z">Yugoslavia.</subfield>
          </datafield>
          <datafield tag="651" ind1=" " ind2="0">
            <subfield code="a">Yugoslavia</subfield>
            <subfield code="x">Politics and government</subfield>
            <subfield code="y">1945-1980.</subfield>
          </datafield>
          <datafield tag="991" ind1=" " ind2=" ">
            <subfield code="b">c-GenColl</subfield>
            <subfield code="h">P92.Y8</subfield>
            <subfield code="i">R6</subfield>
            <subfield code="t">Copy 1</subfield>
            <subfield code="w">BOOKS</subfield>
          </datafield>
          <datafield tag="991" ind1=" " ind2=" ">
            <subfield code="b">c-GenColl</subfield>
            <subfield code="h">P92.Y8</subfield>
            <subfield code="i">R6</subfield>
            <subfield code="p">00030238138</subfield>
            <subfield code="t">Copy 2</subfield>
            <subfield code="w">CCF</subfield>
          </datafield>
        </record>
      </zs:recordData>
      <zs:recordPosition>53</zs:recordPosition>
    </zs:record>